@article{lavoie2001,
  title={Kaleckian models of growth in a coherent stock-flow monetary framework: a Kaldorian view},
  author={Lavoie, Marc and Godley, Wynne},
  journal={Journal of Post Keynesian Economics},
  pages={277--311},
  year={2001},
  publisher={JSTOR}
}

@article{tirelli:2014,
  title={Linear Difference Equations}
  author={Tirelli, Mario}
  year={2014},
}

@book{gandolfo1997,
  title={Economic dynamics: third edition},
  author={Gandolfo, Giancarlo},
  year={1997},
  publisher={Springer Verlag, Berlin}
}

@book{godleylavoie:2007,
  title={Monetary economics},
  author={Godley, Wynne and Lavoie, Marc},
  year=2007,
  publisher={Palgrave Macmillan Basingstoke}
}
